




@article{doi:10.1056/NEJM199303113281008,
author = { Edelman ,  Robert R  and  Warach ,  Steven },
title = {Magnetic Resonance Imaging},
journal = {New England Journal of Medicine},
volume = {328},
number = {10},
pages = {708-716},
year = {1993},
doi = {10.1056/NEJM199303113281008},
    note ={PMID: 8433731},

URL = { 
        http://dx.doi.org/10.1056/NEJM199303113281008
    
},
eprint = { 
        http://dx.doi.org/10.1056/NEJM199303113281008
    
}

}


