@book{Gonzalez:2003:DIP:993475,
 author = {Gonzalez, Rafael C. and Woods, Richard E. and Eddins, Steven L.},
 title = {Digital Image Processing Using MATLAB},
 year = {2003},
 isbn = {0130085197},
 publisher = {Prentice-Hall, Inc.},
 address = {Upper Saddle River, NJ, USA},
} 

@article{buades2011non,
  title={Non-local means denoising},
  author={Buades, Antoni and Coll, Bartomeu and Morel, Jean-Michel},
  journal={Image Processing On Line},
  volume={1},
  pages={208--212},
  year={2011}
}